% !TEX root =  
@misc{poitras_2009_arbitrage,
  author = {Poitras, Geoffrey},
  title = {Arbitrage: Historical Perspectives},
  url = {http://www.sfu.ca/~poitras/EQF_ARB\%24\%24.pdf},
  year = {2009}
}

@misc{laporte_arbitrage,
  author = {la Porte, Mathieu de},
  title = {ARBITRAGE : DÃ©finition de ARBITRAGE},
  url = {https://www.cnrtl.fr/lexicographie/arbitrage},
  urldate = {2024-03-23},
  organization = {www.cnrtl.fr}
}

@article{xiong_2001_convergence,
  author = {Xiong, Wei},
  month = {11},
  pages = {247-292},
  title = {Convergence trading with wealth effects: an amplification mechanism in financial markets},
  doi = {10.1016/s0304-405x(01)00078-2},
  urldate = {2020-08-09},
  volume = {62},
  year = {2001},
  journal = {Journal of Financial Economics}
}

@misc{weyl_2007_is,
  author = {Weyl, E. Glen},
  month = {10},
  title = {Is Arbitrage Socially Beneficial?},
  url = {https://papers.ssrn.com/sol3/papers.cfm?abstract_id=1324423},
  year = {2007},
  organization = {papers.ssrn.com}
}

@article{poitras_2021_origins,
  author = {Poitras, Geoffrey},
  month = {05},
  pages = {1-28},
  title = {Origins of arbitrage},
  doi = {10.1017/s0968565021000020},
  urldate = {2021-05-20},
  year = {2021},
  journal = {Financial History Review}
}

@book{cormen_2009_introduction,
  author = {Cormen, Thomas and Leiserson, Charles and Rivest, Ronald and Stein, Clifford},
  edition = {Third},
  pages = {580-642},
  publisher = {Mit Press},
  title = {Introduction to Algorithms},
  year = {2009}
}

@article{bellman_1958_on,
  author = {Bellman, Richard},
  month = {04},
  pages = {87-90},
  title = {On a routing problem},
  doi = {10.1090/qam/102435},
  volume = {16},
  year = {1958},
  journal = {Quarterly of Applied Mathematics}
}

@article{warshall_1962_a,
  author = {Warshall, Stephen},
  month = {01},
  pages = {11-12},
  title = {A Theorem on Boolean Matrices},
  doi = {10.1145/321105.321107},
  url = {https://www.deepdyve.com/lp/association-for-computing-machinery/a-theorem-on-boolean-matrices-xNuyIG0sGs},
  volume = {9},
  year = {1962},
  journal = {Journal of the ACM}
}

@article{floyd_1962_algorithm,
  author = {Floyd, Robert W.},
  month = {06},
  pages = {345},
  title = {Algorithm 97: Shortest path},
  doi = {10.1145/367766.368168},
  volume = {5},
  year = {1962},
  journal = {Communications of the ACM}
}

@misc{rifky_2019_arbitrage,
  author = {Rifky, Muhammad and Bariansyah, Indraputra},
  title = {Arbitrage Strategy using Negative Cycle Detection Algorithm},
  url = {https://informatika.stei.itb.ac.id/~rinaldi.munir/Stmik/2018-2019/Makalah/Makalah-Stima-2019-134.pdf},
  urldate = {2024-04-12},
  year = {2019}
}

@misc{bhatia_currency,
  author = {Bhatia, Ruchi},
  title = {Currency Exchange Rates},
  url = {https://www.kaggle.com/datasets/ruchi798/currency-exchange-rates},
  urldate = {2024-04-22},
  organization = {www.kaggle.com}
}

@article{diestel_1990_graph,
  author = {Diestel, Reinhard},
  month = {09},
  publisher = {Oxford University Press},
  title = {Graph Decotnpositions},
  doi = {10.1093/oso/9780198532101.001.0001},
  urldate = {2024-03-31},
  year = {1990},
  journal = {Oxford University Press eBooks}
}
